<record><leader>00000cas a22000007a 4500</leader><controlfield tag="001">20280347</controlfield><controlfield tag="008">890830d19411969moudn ne      0    0eng d</controlfield><datafield ind1=" " ind2=" " tag="010"><subfield code="a">sn 89066749 </subfield></datafield><datafield ind1=" " ind2=" " tag="040"><subfield code="a">MQN</subfield><subfield code="b">eng</subfield><subfield code="c">MQN</subfield><subfield code="d">OCLCQ</subfield></datafield><datafield ind1=" " ind2=" " tag="042"><subfield code="a">msc</subfield></datafield><datafield ind1="0" ind2=" " tag="130"><subfield code="a">Daily banner-news (Saint Charles, Mo.)</subfield></datafield><datafield ind1="1" ind2="4" tag="245"><subfield code="a">The daily banner-news.</subfield></datafield><datafield ind1="3" ind2="0" tag="246"><subfield code="a">Daily banner-news and daily cosmos-monitor</subfield></datafield><datafield ind1=" " ind2=" " tag="260"><subfield code="a">St. Charles, Mo. :</subfield><subfield code="b">Banner-News Co.,</subfield><subfield code="c">1941-1969.</subfield></datafield><datafield ind1=" " ind2=" " tag="300"><subfield code="a">v.</subfield></datafield><datafield ind1=" " ind2=" " tag="310"><subfield code="a">Daily (except Sat. &amp; Sun.)</subfield></datafield><datafield ind1="0" ind2=" " tag="362"><subfield code="a">Vol. 62, no. 25 (Jan. 30, 1941)-90th year, no. 249 (Dec. 22, 1969).</subfield></datafield><datafield ind1=" " ind2=" " tag="500"><subfield code="a">Published as: The Daily banner-news and daily cosmos-monitor, May 19, 1959-May 29, 1959.</subfield></datafield><datafield ind1=" " ind2=" " tag="515"><subfield code="a">Numbering changed from vols. to years with issue for Aug. 4, 1969.</subfield></datafield><datafield ind1=" " ind2=" " tag="580"><subfield code="a">Weekly eds.: St. Charles banner-news (Saint Charles, Mo. : Weekly), Jan. 30, 1941-Jan. 10, 1952; St. Charles weekly banner-news, Jan. 17, 1952-&lt;Nov. 8, 1956&gt;.</subfield></datafield><datafield ind1=" " ind2=" " tag="752"><subfield code="a">United States</subfield><subfield code="b">Missouri</subfield><subfield code="c">Saint Charles</subfield><subfield code="d">Saint Charles.</subfield></datafield><datafield ind1="1" ind2=" " tag="775"><subfield code="t">St. Charles banner-news (Saint Charles, Mo. : Weekly)</subfield><subfield code="w">(DLC)sn 89066744</subfield></datafield><datafield ind1="1" ind2=" " tag="775"><subfield code="t">St. Charles weekly banner-news</subfield><subfield code="w">(DLC)sn 89066745</subfield></datafield><datafield ind1="0" ind2="0" tag="780"><subfield code="t">St. Charles daily banner-news (Saint Charles, Mo. : 1904)</subfield><subfield code="w">(DLC)sn 86063668</subfield></datafield><datafield ind1="0" ind2="5" tag="780"><subfield code="t">Daily cosmos-monitor</subfield><subfield code="w">(DLC)sn 89066760</subfield></datafield><datafield ind1="0" ind2="0" tag="785"><subfield code="t">St. Charles daily banner-news (Saint Charles, Mo. : 1969)</subfield><subfield code="w">(DLC)sn 89066750</subfield></datafield></record>